@article{Knuth92,
        author = "D.E. Knuth",
        title = "Two notes on notation",
        journal = "Amer. Math. Monthly",
        volume = "99",
        year = "1992",
        pages = "403--422",
}


@picture{mpl,
	HOWPUBLISHED = "The Modular Prosthetic Limb (MPL)",
	NOTE         = "Online erh√§ltlich unter
	\url{http://ieeexplore.ieee.org/stamp/stamp.jsp?arnumber=6084102};
	abgerufen am 16. Februar 2016."
}
