@article{mpl,
  title={A review of classification algorithms for EEG-based brain--computer interfaces},
  author={Lotte, Fabien and Congedo, Marco and L{\'e}cuyer, Anatole and Lamarche, Fabrice and Arnaldi, Bruno},
  journal={Journal of neural engineering},
  volume={4},
  number={2},
  pages={R1},
  year={2007},
  publisher={IOP Publishing}
}
